@preamble{"\newcommand{\SortNoop}[1]{} "
        # "\newcommand{\OneLetter}[1]{#1} "
        # "\newcommand{\SwapArgs}[2]{#2#1} "}

@Book{Thrunbook,
  author =       { Thrun, S. and Burgard, W. and Fox, D.},
  title =        {Probalistic robotics},
  publisher =    {MIT Press},
  year =         2005,
  pages =        {110,220--228, 250-252}
}

@ARTICLE{Whyte06,
    author = {Hugh Durrant-Whyte and Tim Bailey},
    title = { Simultaneous Localisation and Mapping (SLAM): Part I The Essential Algorithms},
    journal = {IEEE ROBOTICS AND AUTOMATION MAGAZINE},
    year = {2006},
    volume = {2},
    pages = {2006}
}

@inproceedings{zunino2001simultaneous,
  title={Simultaneous localization and mapping in domestic environments},
  author={Zunino, Guido and Christensen, Henrik I},
  booktitle={Multisensor Fusion and Integration for Intelligent Systems, 2001. MFI 2001. International Conference on},
  pages={67--72},
  year={2001},
  organization={IEEE}
}
@PhdThesis{Jensfelt01PhD,
  author =       {P. Jensfelt},
  title =        {Approaches to Mobile Robot Localization in Indoor Environments},
  address =      {Royal Institute of Technology, SE-100 44 Stockholm, Sweden},
  year =         2001,
  ISSN_ISBN =    {ISBN 91-7283-135-9, ISSN 1404-2150},
  school =       {Signal, Sensors and Systems (S3)}
}

@article{choi2008line,
  title={A line feature based SLAM with low grade range sensors using geometric constraints and active exploration for mobile robot},
  author={Choi, Young-Ho and Lee, Tae-Kyeong and Oh, Se-Young},
  journal={Autonomous Robots},
  volume={24},
  number={1},
  pages={13--27},
  year={2008},
  publisher={Springer}
}


%% laser sensor
@inproceedings{diosi2005laser,
  title={Laser scan matching in polar coordinates with application to SLAM},
  author={Diosi, Albert and Kleeman, Lindsay},
  booktitle={Intelligent Robots and Systems, 2005.(IROS 2005). 2005 IEEE/RSJ International Conference on},
  pages={3317--3322},
  year={2005},
  organization={IEEE}
}
@inproceedings{jensfelt1999laser,
  title={Laser based pose tracking},
  author={Jensfelt, Patric and Christensen, Henrik I},
  booktitle={Robotics and Automation, 1999. Proceedings. 1999 IEEE International Conference on},
  volume={4},
  pages={2994--3000},
  year={1999},
  organization={IEEE}
}

%TODO lire
@MISC{Abrate_experimentalekf-based,
    author = {Fabrizio Abrate and Basilio Bona and Marina Indri},
    title = {Experimental EKF-based SLAM for mini-rovers with IR sensors only},
    year = {2007}
}

@inproceedings{wijk1998triangulation,
  title={Triangulation based fusion of ultrasonic sensor data},
  author={Wijk, Olle and Jensfelt, Patric and Christensen, Henrik I},
  booktitle={Robotics and Automation, 1998. Proceedings. 1998 IEEE International Conference on},
  volume={4},
  pages={3419--3424},
  year={1998},
  organization={IEEE}
}

@inproceedings{nguyen2006orthogonal,
  title={Orthogonal SLAM: a step toward lightweight indoor autonomous navigation},
  author={Nguyen, Viet and Harati, Ahad and Martinelli, Agostino and Siegwart, Roland and Tomatis, Nicola},
  booktitle={Intelligent Robots and Systems, 2006 IEEE/RSJ International Conference on},
  pages={5007--5012},
  year={2006},
  organization={IEEE}
}

@inproceedings{choi2005robust,
  title={Robust sonar feature detection for the SLAM of mobile robot},
  author={Choi, Jinwoo and Ahn, Sunghwan and Chung, Wan Kyun},
  booktitle={Intelligent Robots and Systems, 2005.(IROS 2005). 2005 IEEE/RSJ International Conference on},
  pages={3415--3420},
  year={2005},
  organization={IEEE}
}

@article{stephens1991probabilistic,
  title={Probabilistic approach to the Hough transform},
  author={Stephens, Richard S},
  journal={Image and vision computing},
  volume={9},
  number={1},
  pages={66--71},
  year={1991},
  publisher={Elsevier}
}

@article{grossmann2001robust,
  title={Robust mobile robot localisation from sparse and noisy proximity readings using Hough transform and probability grids},
  author={Gro{\ss}mann, Axel and Poli, Riccardo},
  journal={Robotics and Autonomous Systems},
  volume={37},
  number={1},
  pages={1--18},
  year={2001},
  publisher={Elsevier}
}

@inproceedings{ester1996density,
  title={A density-based algorithm for discovering clusters in large spatial databases with noise.},
  author={Ester, Martin and Kriegel, Hans-Peter and Sander, J{\"o}rg and Xu, Xiaowei},
  booktitle={Kdd},
  volume={96},
  pages={226--231},
  year={1996}
}
